@article{gibson1966senses,
  title={The senses considered as perceptual systems.},
  author={Gibson, James Jerome},
  year={1966},
  publisher={Houghton Mifflin}
}